<?xml version="1.0" encoding="UTF-8"?><collection xmlns="http://www.loc.gov/MARC21/slim"><record><leader>00557nam--2200205-u-4500</leader><controlfield tag="001">000052867</controlfield><controlfield tag="002">20161230</controlfield><controlfield tag="005">20161230201050</controlfield><controlfield tag="008">101124s1000------------r-----000-0-rus-d</controlfield><datafield ind1=" " ind2=" " tag="040"><subfield code="a">IFIN-HH</subfield></datafield><datafield ind1=" " ind2=" " tag="041"><subfield code="a">rus</subfield></datafield><datafield ind1=" " ind2=" " tag="080"><subfield code="a">778.38:621.375.826</subfield></datafield><datafield ind1="1" ind2=" " tag="100"><subfield code="a">Caulfield, H.J</subfield></datafield><datafield ind1="1" ind2="0" tag="245"><subfield code="a">Opticeskaia golografiia</subfield><subfield code="c">H.j. caulfield</subfield></datafield><datafield ind1=" " ind2=" " tag="260"><subfield code="a">Moskva</subfield><subfield code="b">Mir</subfield><subfield code="c">1982</subfield></datafield><datafield ind1=" " ind2=" " tag="300"><subfield code="a">2 VOLUME</subfield></datafield><datafield ind1=" " ind2=" " tag="500"><subfield code="a">Titlul original in limba engleza: HANDBOOKN OF OPTICAL HOLOGRAPHY</subfield></datafield><datafield ind1=" " ind2=" " tag="787"><subfield code="a">Vol. 2</subfield><subfield code="h">/374p./735p</subfield></datafield><datafield ind1=" " ind2=" " tag="852"><subfield code="a">70924</subfield><subfield code="c">535</subfield></datafield><datafield ind1=" " ind2=" " tag="CAT"><subfield code="a">Sys</subfield><subfield code="c">20101124</subfield><subfield code="h">152423</subfield></datafield></record></collection>